<record><leader>00000cas a22000007a 4500</leader><controlfield tag="001">11470702</controlfield><controlfield tag="008">841208d18681915ohuwr ne      0    0eng d</controlfield><datafield ind1=" " ind2=" " tag="010"><subfield code="a">sn 84028831 </subfield></datafield><datafield ind1=" " ind2=" " tag="040"><subfield code="a">NPY</subfield><subfield code="b">eng</subfield><subfield code="c">NPY</subfield><subfield code="d">NPU</subfield><subfield code="d">NPY</subfield><subfield code="d">NPU</subfield><subfield code="d">ONP</subfield><subfield code="d">TGN</subfield><subfield code="d">OCLCQ</subfield><subfield code="d">OCLCF</subfield><subfield code="d">OCLCO</subfield></datafield><datafield ind1="1" ind2=" " tag="029"><subfield code="a">AU@</subfield><subfield code="b">000026926406</subfield></datafield><datafield ind1=" " ind2=" " tag="042"><subfield code="a">msc</subfield></datafield><datafield ind1=" " ind2=" " tag="043"><subfield code="a">n-us-oh</subfield></datafield><datafield ind1="0" ind2=" " tag="130"><subfield code="a">Weekly courier (Zanesville, Ohio : 1868)</subfield></datafield><datafield ind1="1" ind2="0" tag="245"><subfield code="a">Weekly courier.</subfield></datafield><datafield ind1="1" ind2="7" tag="246"><subfield code="a">Zanesville weekly courier</subfield></datafield><datafield ind1=" " ind2=" " tag="260"><subfield code="a">Zanesville, Ohio :</subfield><subfield code="b">Newman &amp; Dodd</subfield></datafield><datafield ind1=" " ind2=" " tag="300"><subfield code="a">v. :</subfield><subfield code="b">ill. (chiefly advertisements) ;</subfield><subfield code="c">70-71 cm.</subfield></datafield><datafield ind1=" " ind2=" " tag="310"><subfield code="a">Weekly</subfield></datafield><datafield ind1="1" ind2=" " tag="362"><subfield code="a">Began in Dec. 1868; ceased in Jan. 1915.</subfield><subfield code="z">Cf. Gutgesell, S. Guide to Ohio newspapers, 1974.</subfield></datafield><datafield ind1=" " ind2=" " tag="500"><subfield code="a">Publishers: Newman &amp; Dodd, &lt;1873&gt;; Douglas, Newman &amp; Dodd, &lt;1873&gt;.</subfield></datafield><datafield ind1=" " ind2=" " tag="525"><subfield code="a">Supplements accompany some issues.</subfield></datafield><datafield ind1=" " ind2=" " tag="580"><subfield code="a">Daily editions: Zanesville daily courier (Zanesville, Ohio : 1865), and: Daily courier (Zanesville, Ohio : 1893).</subfield></datafield><datafield ind1=" " ind2=" " tag="588"><subfield code="a">Description based on: New ser., v. 16, no. 4 [Old ser., v. 54, no. 2] (Mar. 14, 1873) = whole no. 2911.</subfield></datafield><datafield ind1=" " ind2="0" tag="651"><subfield code="a">Zanesville (Ohio)</subfield><subfield code="v">Newspapers.</subfield></datafield><datafield ind1=" " ind2="0" tag="651"><subfield code="a">Muskingum County (Ohio)</subfield><subfield code="v">Newspapers.</subfield></datafield><datafield ind1=" " ind2="7" tag="655"><subfield code="a">Newspapers.</subfield><subfield code="2">fast</subfield><subfield code="0">(OCoLC)fst01423814</subfield></datafield><datafield ind1=" " ind2="7" tag="651"><subfield code="a">Ohio</subfield><subfield code="z">Muskingum County.</subfield><subfield code="2">fast</subfield><subfield code="0">(OCoLC)fst01209592</subfield></datafield><datafield ind1=" " ind2="7" tag="651"><subfield code="a">Ohio</subfield><subfield code="z">Zanesville.</subfield><subfield code="2">fast</subfield><subfield code="0">(OCoLC)fst01225925</subfield></datafield><datafield ind1=" " ind2=" " tag="752"><subfield code="a">United States</subfield><subfield code="b">Ohio</subfield><subfield code="c">Muskingum</subfield><subfield code="d">Zanesville.</subfield></datafield><datafield ind1="1" ind2=" " tag="775"><subfield code="t">Zanesville daily courier (Zanesville, Ohio : 1865)</subfield><subfield code="w">(DLC)sn 84028832</subfield></datafield><datafield ind1="1" ind2=" " tag="775"><subfield code="t">Daily courier (Zanesville, Ohio : 1893)</subfield><subfield code="w">(DLC)sn 84028833</subfield></datafield><datafield ind1="0" ind2="0" tag="780"><subfield code="t">Zanesville courier and gazette</subfield></datafield></record>